%% This BibTeX bibliography file was created using BibDesk.
%% http://bibdesk.sourceforge.net/
% Encoding: UTF-8


@misc{du2019fisherkpp,
      title={The Fisher-KPP equation over simple graphs: Varied persistence states in river networks}, 
      author={Yihong Du and Bendong Lou and Rui Peng and Maolin Zhou},
      year={2019},
      eprint={1809.06961},
      archivePrefix={arXiv},
      primaryClass={math.AP}
}

@article{Bertsch, title={Alzheimer's disease: a mathematical model for onset and progression}, ISSN={1477-8602}, url={http://arxiv.org/abs/1503.04669}, DOI={10.1093/imammb/dqw003}, note={arXiv:1503.04669 [physics, q-bio]}, journal={Mathematical Medicine and Biology: A Journal of the IMA}, author={Bertsch, Michiel and Franchi, Bruno and Marcello, Norina and Tesi, Maria Carla and Tosin, Andrea}, year={2016}, month=apr }


@article{Fisher1937,
author = {Fisher, R. A.},
title = {The wave of advance of advantageous genes},
journal = {Annals of Eugenics},
volume = {7},
number = {4},
pages = {355-369},
doi = {https://doi.org/10.1111/j.1469-1809.1937.tb02153.x},
url = {https://onlinelibrary.wiley.com/doi/abs/10.1111/j.1469-1809.1937.tb02153.x},
eprint = {https://onlinelibrary.wiley.com/doi/pdf/10.1111/j.1469-1809.1937.tb02153.x},
abstract = {The articles published by the Annals of Eugenics (1925-1954) have been made available online as an historical archive intended for scholarly use. The work of eugenicists was often pervaded by prejudice against racial, ethnic and disabled groups. The online publication of this material for scholarly research purposes is not an endorsement of those views nor a promotion of eugenics in any way.},
year = {1937}
}

@article{KPP1937,
  abstract = {In "Selected Works of A.N. Kolmogorov: Mathematics and mechanics", pp 242-270},
  added-at = {2009-12-17T05:44:33.000+0100},
  author = {Kolmogorov, A. and Petrovskii, I. and Piscunov, N.},
  biburl = {https://www.bibsonomy.org/bibtex/23cfaf2cd2a49db658463fc5b115b3aa4/peter.ralph},
  interhash = {38b4f9d12bdfa1276ec3e8f9acdfd6d1},
  intrahash = {3cfaf2cd2a49db658463fc5b115b3aa4},
  journal = {Byul. Moskovskogo Gos. Univ.},
  keywords = {reaction-diffusion Fisher-KPP travelling_wave},
  number = 6,
  pages = {1--25},
  timestamp = {2013-09-12T22:23:01.000+0200},
  title = {A study of the equation of diffusion with increase in the quantity of matter, and its application to a biological problem},
  url = {http://books.google.com/books?id=ikN59GkYJKIC&lpg=PP1&dq=A.N.%20Kolmogorov%3A%20Selected%20Works&client=firefox-a&pg=PA242#v=onepage&q=&f=false},
  volume = 1,
  year = 1937
}

@book{SalsaVerziniPDE,
author = {Salsa, Sandro and Verzini, Gianmaria},
year = {2022},
month = {01},
pages = {},
title = {Partial Differential Equations in Action: From Modelling to Theory},
isbn = {978-3-031-21852-1},
doi = {10.1007/978-3-031-21853-8}
}