%% This BibTeX bibliography file was created using BibDesk.
%% http://bibdesk.sourceforge.net/
% Encoding: UTF-8

 @article{Bertsch, title={Alzheimer's disease: a mathematical model for onset and progression}, ISSN={1477-8602}, url={http://arxiv.org/abs/1503.04669}, DOI={10.1093/imammb/dqw003}, note={arXiv:1503.04669 [physics, q-bio]}, journal={Mathematical Medicine and Biology: A Journal of the IMA}, author={Bertsch, Michiel and Franchi, Bruno and Marcello, Norina and Tesi, Maria Carla and Tosin, Andrea}, year={2016}, month=apr }


 @book{Protter_Weinberger_1984, address={New York, NY}, title={Maximum Principles in Differential Equations}, ISBN={978-1-4612-9769-7}, url={http://link.springer.com/10.1007/978-1-4612-5282-5}, DOI={10.1007/978-1-4612-5282-5}, publisher={Springer}, author={Protter, Murray H. and Weinberger, Hans F.}, year={1984}, language={en} }

 @book{Ladyženskaja_Solonnikov_Uralceva_1968, series={Translations of Mathematical Monographs}, title={Linear and Quasi-linear Equations of Parabolic Type}, volume={23}, ISBN={978-0-8218-1573-1}, ISSN={0065-9282, 2472-5137}, url={http://www.ams.org/mmono/023}, DOI={10.1090/mmono/023}, abstractNote={Advancing research. Creating connections.}, publisher={American Mathematical Society}, author={Ladyženskaja, O. and Solonnikov, V. and Ural'ceva, N.}, year={1968}, month=dec, collection={Translations of Mathematical Monographs}, language={en} }

 @article{Wrzosek_1997, title={Existence of solutions for the discrete coagulation-fragmentation model with diffusion}, rights={Copyright (c) 2017 Topological Methods in Nonlinear Analysis}, ISSN={1230-3429}, url={https://apcz.umk.pl/TMNA/article/view/TMNA.1997.014}, abstractNote={NO ABSTRACT}, journal={Topological Methods in Nonlinear Analysis}, author={Wrzosek, Dariusz}, year={1997}, month=jun, pages={279-296}, language={en} }

  @book{Brezis_2011, title={Functional Analysis, Sobolev Spaces and Partial Differential Equations}, ISBN={978-0-387-70913-0}, abstractNote={Functional Analysis, Sobolev Spaces and Partial Differential Equations}, author={Brezis, Haim}, year={2011} }
