%% This BibTeX bibliography file was created using BibDesk.
%% http://bibdesk.sourceforge.net/
% Encoding: UTF-8

@book{Alfio,
  author    = {Alfio Quarteroni and Riccardo Sacco and Fausto Saleri and Paola Gervasio}, 
  title     = {Matematica Numerica},
  publisher = {Springer},
  year      = 2014,
  edition   = 4
}

@article{MrCAE,
  title={Multiresolution Convolutional Autoencoders},
  author={Liu, Yuying and Ponce, Colin and Brunton, Steven L and Kutz, J Nathan},
  journal={arXiv preprint arXiv:2004.04946},
  year={2020}
}

@article{Li_2008,
	doi = {10.1080/14685240802376389},
  
	url = {https://doi.org/10.1080%2F14685240802376389},
  
	year = 2008,
	month = {jan},
  
	publisher = {Informa {UK} Limited},
  
	volume = {9},
  
	pages = {N31},
  
	author = {Yi Li and Eric Perlman and Minping Wan and Yunke Yang and Charles Meneveau and Randal Burns and Shiyi Chen and Alexander Szalay and Gregory Eyink},
  
	title = {A public turbulence database cluster and applications to study Lagrangian evolution of velocity increments in turbulence},
  
	journal = {Journal of Turbulence}
}

@book{book,
  author    = {Peter Babington}, 
  title     = {The title of the work},
  publisher = {The name of the publisher},
  year      = 1993,
  volume    = 4,
  series    = 10,
  address   = {The address},
  edition   = 3,
  month     = 7,
  note      = {An optional note},
  isbn      = {3257227892}
}

@booklet{booklet,
  title        = {The title of the work},
  author       = {Peter Caxton}, 
  howpublished = {How it was published},
  address      = {The address of the publisher},
  month        = 7,
  year         = 1993,
  note         = {An optional note}
}

@conference{conference,
  author       = {Peter Draper}, 
  title        = {The title of the work},
  booktitle    = {The title of the book},
  year         = 1993,
  editor       = {The editor},
  volume       = 4,
  series       = 5,
  pages        = 213,
  address      = {The address of the publisher},
  month        = 7,
  organization = {The organization},
  publisher    = {The publisher},
  note         = {An optional note}  
}

@inbook{inbook,
  author       = {Peter Eston}, 
  title        = {The title of the work},
  chapter      = 8,
  pages        = {201-213},
  publisher    = {The name of the publisher},
  year         = 1993,
  volume       = 4,
  series       = 5,
  address      = {The address of the publisher},
  edition      = 3,
  month        = 7,
  note         = {An optional note}
}

@misc{simonyan2015deep,
      title={Very Deep Convolutional Networks for Large-Scale Image Recognition}, 
      author={Karen Simonyan and Andrew Zisserman},
      year={2015},
      eprint={1409.1556},
      archivePrefix={arXiv},
      primaryClass={cs.CV}
}

@incollection{incollection,
  author       = {Peter Farindon}, 
  title        = {The title of the work},
  booktitle    = {The title of the book},
  publisher    = {The name of the publisher},
  year         = 1993,
  editor       = {The editor},
  volume       = 4,
  series       = 5,
  chapter      = 8,
  pages        = {201-213},
  address      = {The address of the publisher},
  edition      = 3,
  month        = 7,
  note         = {An optional note}
}

@manual{manual,
  title        = {The title of the work},
  author       = {Peter Gainsford}, 
  organization = {The organization},
  address      = {The address of the publisher},
  edition      = 3,
  month        = 7,
  year         = 1993,
  note         = {An optional note}
}

@mastersthesis{mastersthesis,
  author       = {Peter Harwood}, 
  title        = {The title of the work},
  school       = {The school of the thesis},
  year         = 1993,
  address      = {The address of the publisher},
  month        = 7,
  note         = {An optional note}
}

@misc{misc,
  author       = {Peter Isley}, 
  title        = {The title of the work},
  howpublished = {How it was published},
  month        = 7,
  year         = 1993,
  note         = {An optional note}
}

@phdthesis{phdthesis,
  author       = {Peter Joslin}, 
  title        = {The title of the work},
  school       = {The school of the thesis},
  year         = 1993,
  address      = {The address of the publisher},
  month        = 7,
  note         = {An optional note}
}

@proceedings{proceedings,
  title        = {The title of the work},
  year         = 1993,
  editor       = {Peter Kidwelly},
  volume       = 4,
  series       = 5,
  address      = {The address of the publisher},
  month        = 7,
  organization = {The organization},
  publisher    = {The name of the publisher},
  note         = {An optional note}
}

@techreport{techreport,
  author       = {Peter Lambert}, 
  title        = {The title of the work},
  institution  = {The institution that published},
  year         = 1993,
  number       = 2,
  address      = {The address of the publisher},
  month        = 7,
  note         = {An optional note}
}

@unpublished{unpublished,
  author       = {Peter Marcheford}, 
  title        = {The title of the work},
  note         = {An optional note},
  month        = 7,
  year         = 1993
}

@online{online,
  author       = {MultiMedia LLC}, 
  title        = {{MS Windows NT} Kernel Description},
  year         = 1999,
  url          = {http://www.whateveritis.com},
  urldate      = {2010-09-30}
}

@patent{edison,
    title      = {Electric distribution system},
    author     = {Edison, Thomas A.},
    number     = {266793},
    type       = {patentus},
    date       = {1882-10-31}
}

@misc{bibtex,
  author       = {CTAN}, 
  title        = {{B}i{B}{T}e{X} Documentation},
  url          = {https://ctan.org/topic/bibtex-doc},
  year         = {2017}
}

@misc{tikz,
  author       = {CTAN}, 
  title        = {pgf â€“ Create {P}ost{S}cript and {PDF} graphics in {TEX}},
  url          = {https://www.ctan.org/pkg/pgf}
}